<?xml version="1.0" encoding="UTF-8"?>
<record xmlns="http://www.loc.gov/MARC21/slim" xmlns:zs="http://docs.oasis-open.org/ns/search-ws/sruResponse">
 <leader>
  05063cpcaa22005537i 4500
 </leader>
 <controlfield tag="001">
  19464240
 </controlfield>
 <controlfield tag="005">
  20190212101419.0
 </controlfield>
 <controlfield tag="008">
  170125i19642005xx                  eng
 </controlfield>
 <datafield ind1=" " ind2=" " tag="906">
  <subfield code="a">
   7
  </subfield>
  <subfield code="b">
   cbc
  </subfield>
  <subfield code="c">
   orignew
  </subfield>
  <subfield code="d">
   u
  </subfield>
  <subfield code="e">
   ncip
  </subfield>
  <subfield code="f">
   20
  </subfield>
  <subfield code="g">
   y-folklife
  </subfield>
 </datafield>
 <datafield ind1=" " ind2=" " tag="955">
  <subfield code="a">
   mkru 2017-01-25
  </subfield>
  <subfield code="a">
   ahoo 2019-02-12
  </subfield>
 </datafield>
 <datafield ind1=" " ind2=" " tag="010">
  <subfield code="a">
   2017655204
  </subfield>
 </datafield>
 <datafield ind1=" " ind2=" " tag="040">
  <subfield code="a">
   DLC
  </subfield>
  <subfield code="b">
   eng
  </subfield>
  <subfield code="e">
   dacs
  </subfield>
  <subfield code="c">
   DLC
  </subfield>
 </datafield>
 <datafield ind1=" " ind2=" " tag="043">
  <subfield code="a">
   e-po---
  </subfield>
  <subfield code="a">
   n-usu--
  </subfield>
 </datafield>
 <datafield ind1=" " ind2=" " tag="090">
  <subfield code="a">
   AFC 2000/005
  </subfield>
 </datafield>
 <datafield ind1="0" ind2="0" tag="245">
  <subfield code="a">
   Magdalena Nowacka-Jannotta wycinanki Polish papercutting collection.
  </subfield>
 </datafield>
 <datafield ind1="1" ind2="3" tag="246">
  <subfield code="a">
   Magdalena Gilinski wycinanki Polish papercutting collection
  </subfield>
 </datafield>
 <datafield ind1=" " ind2=" " tag="260">
  <subfield code="c">
   1964-2005.
  </subfield>
 </datafield>
 <datafield ind1=" " ind2=" " tag="300">
  <subfield code="a">
   219
  </subfield>
  <subfield code="f">
   items ;
  </subfield>
  <subfield code="a">
   9
  </subfield>
  <subfield code="f">
   containers + 1 oversize item in map case.
  </subfield>
 </datafield>
 <datafield ind1=" " ind2=" " tag="300">
  <subfield code="a">
   127 cut-paper works :
  </subfield>
  <subfield code="b">
   black and white, color ;
  </subfield>
  <subfield code="c">
   45 x 55 cm and smaller.
  </subfield>
 </datafield>
 <datafield ind1=" " ind2=" " tag="300">
  <subfield code="a">
   19 photographic prints :
  </subfield>
  <subfield code="b">
   black and white, color ;
  </subfield>
  <subfield code="c">
   various sizes.
  </subfield>
 </datafield>
 <datafield ind1=" " ind2=" " tag="300">
  <subfield code="a">
   72 slides :
  </subfield>
  <subfield code="b">
   color.
  </subfield>
 </datafield>
 <datafield ind1=" " ind2=" " tag="300">
  <subfield code="a">
   1 videocassette (VHS) :
  </subfield>
  <subfield code="b">
   sound, color ;
  </subfield>
  <subfield code="c">
   1/2 in.
  </subfield>
 </datafield>
 <datafield ind1=" " ind2=" " tag="300">
  <subfield code="3">
   manuscripts
  </subfield>
  <subfield code="a">
   6
  </subfield>
  <subfield code="f">
   folders.
  </subfield>
 </datafield>
 <datafield ind1=" " ind2=" " tag="520">
  <subfield code="a">
   Collection of 127 wycinanki, Polish paper cuts, created by Magdalena Nowacka-Jannotta (Magdalena Gilinski) and other artists including Krystyna Lis and Malwina Lis, Grazyna Gladka, Maria Brzozowska-Kosinska, Henryka Lus, Stanislawa Kosiorkowa, Czeslawa Kaczynska, Apolonia Nowak, M. Dzik, Janina Strycharska-Wanrykowicz, Bieguszewska, Grzegora Justyna, Staniskawa Bulsin, Stanislawa Nowakoloska, Stanislawa Niespusin, Prusaczek Stanislawa and unidentified artists, from 1964-2005, and undated.  The wycinanki in this collection highlight the papercutting styles of the Kurpie and Łowicz regions of Poland.  Wycinanki from the Kurpie region feature one color star-shaped designs ranging from eight to sixty-four repeats (gwiazda) or designs created on one fold (leluja).  Łowicz-style wycinaki are distinguished by the technique of using a basic design, which is later embellished with overlaid cutouts of multi-colored paper. In addition to gwiazda that feature roosters and flower designs, these include floral designs that are symmetrical across a center vertical line (kodra). Other papercuts in this collection include such Polish folk art motifs as the Tatra mountains, mountain dancers, weddings, and the Madonna. In addition to traditional Polish papercuts, the collection includes Magdalena Nowacka-Jannotta's cut-paper works influenced by Southwest and Native American art with images of stylized lizards, snakes, thunderbirds, desert animals, kachinas, and Navajo motifs.
  </subfield>
 </datafield>
 <datafield ind1="8" ind2=" " tag="524">
  <subfield code="a">
   Magdalena Nowacka-Jannotta wycinanki Polish papercutting collection (AFC 2000/005), Archive of Folk Culture, American Folklife Center, Library of Congress, Washington, D.C.
  </subfield>
 </datafield>
 <datafield ind1="1" ind2=" " tag="506">
  <subfield code="a">
   Collection is open for research. To request materials, please contact the Folklife Reading Room at
  </subfield>
  <subfield code="u">
   http://hdl.loc.gov/loc.afc/folklife.contact
  </subfield>
 </datafield>
 <datafield ind1=" " ind2=" " tag="540">
  <subfield code="a">
   Duplication of collection materials may be governed by copyright and other restrictions.
  </subfield>
 </datafield>
 <datafield ind1=" " ind2=" " tag="541">
  <subfield code="a">
   Magdalena Nowacka-Jannotta;
  </subfield>
  <subfield code="c">
   Donation;
  </subfield>
  <subfield code="d">
   2000, 2005, 2006.
  </subfield>
 </datafield>
 <datafield ind1=" " ind2=" " tag="545">
  <subfield code="a">
   Magdelena Nowacka-Jannotta was born in 1934 and raised prior to the start of World War II in Warsaw, Poland. As a child, her mother, who used papercut templates in her detailed embroidery work, introduced her to the art of creating her own patterns. After the war broke out, Nowacka-Jannotta and her mother were sent to two German prison camps for displaced Polish citizens, at which point she contracted tuberculosis. After the war, she was sent to the Tatra mountains to live with a sheepherding family and recuperate her health. Several years later, she returned to her family, who had been resettled in Sulejowek due to her father's anti-communist views. She received her graduate degree in linguistics from University of California, Los Angeles, and worked at the American Folklife Center at the Library of Congress. She became a U.S. citizen in 1968. Her artwork has appeared in local and international exhibitions and is included in the permanent collection of the American Center of Polish Culture in Washington, D.C.
  </subfield>
 </datafield>
 <datafield ind1=" " ind2=" " tag="546">
  <subfield code="a">
   In English.
  </subfield>
 </datafield>
 <datafield ind1=" " ind2="7" tag="655">
  <subfield code="a">
   Cut-paper works.
  </subfield>
  <subfield code="2">
   gmgpc
  </subfield>
 </datafield>
 <datafield ind1="0" ind2=" " tag="555">
  <subfield code="a">
   Finding aid is available online
  </subfield>
  <subfield code="u">
   http://hdl.loc.gov/loc.afc/eadafc.af019001
  </subfield>
 </datafield>
 <datafield ind1=" " ind2="0" tag="650">
  <subfield code="a">
   Paper work
  </subfield>
  <subfield code="z">
   Poland
  </subfield>
  <subfield code="z">
   Łowicz.
  </subfield>
 </datafield>
 <datafield ind1=" " ind2="0" tag="650">
  <subfield code="a">
   Paper work
  </subfield>
  <subfield code="z">
   Poland
  </subfield>
  <subfield code="z">
   Masovia.
  </subfield>
 </datafield>
 <datafield ind1=" " ind2="0" tag="650">
  <subfield code="a">
   Paper work
  </subfield>
  <subfield code="z">
   Southwest, New.
  </subfield>
 </datafield>
 <datafield ind1=" " ind2="0" tag="650">
  <subfield code="a">
   Kurpie
  </subfield>
  <subfield code="z">
   Poland
  </subfield>
  <subfield code="x">
   Social life and customs.
  </subfield>
 </datafield>
 <datafield ind1=" " ind2="0" tag="650">
  <subfield code="a">
   Polish American artists
  </subfield>
  <subfield code="z">
   Arizona.
  </subfield>
 </datafield>
 <datafield ind1=" " ind2="0" tag="650">
  <subfield code="a">
   Polish Americans
  </subfield>
  <subfield code="x">
   Social life and customs.
  </subfield>
 </datafield>
 <datafield ind1=" " ind2="0" tag="650">
  <subfield code="a">
   Folk art
  </subfield>
  <subfield code="z">
   Poland.
  </subfield>
 </datafield>
 <datafield ind1=" " ind2="0" tag="651">
  <subfield code="a">
   Poland
  </subfield>
  <subfield code="x">
   Social life and customs.
  </subfield>
 </datafield>
 <datafield ind1=" " ind2="7" tag="655">
  <subfield code="a">
   Cut-paper works.
  </subfield>
  <subfield code="2">
   gmgpc
  </subfield>
 </datafield>
 <datafield ind1=" " ind2="7" tag="655">
  <subfield code="a">
   Videocassettes.
  </subfield>
  <subfield code="2">
   aat
  </subfield>
 </datafield>
 <datafield ind1=" " ind2="7" tag="655">
  <subfield code="a">
   Photographs.
  </subfield>
  <subfield code="2">
   aat
  </subfield>
 </datafield>
 <datafield ind1=" " ind2="7" tag="655">
  <subfield code="a">
   Manuscripts.
  </subfield>
  <subfield code="2">
   aat
  </subfield>
 </datafield>
 <datafield ind1="1" ind2=" " tag="700">
  <subfield code="a">
   Gilinsky, Magdalena,
  </subfield>
  <subfield code="d">
   1934-
  </subfield>
  <subfield code="e">
   collector.
  </subfield>
 </datafield>
 <datafield ind1=" " ind2=" " tag="852">
  <subfield code="a">
   Library of Congress
  </subfield>
  <subfield code="b">
   Archive of Folk Culture, American Folklife Center,
  </subfield>
  <subfield code="e">
   101 Independence Ave. S.E., Washington, DC USA 20540-4610
  </subfield>
  <subfield code="u">
   http://hdl.loc.gov/loc.afc/folklife.home
  </subfield>
 </datafield>
 <datafield ind1="4" ind2="2" tag="856">
  <subfield code="3">
   Finding aid
  </subfield>
  <subfield code="u">
   http://hdl.loc.gov/loc.afc/eadafc.af019001
  </subfield>
 </datafield>
 <datafield ind1=" " ind2=" " tag="985">
  <subfield code="a">
   afc/coll
  </subfield>
 </datafield>
 <datafield ind1=" " ind2=" " tag="985">
  <subfield code="a">
   afc/ead
  </subfield>
 </datafield>
</record>
